@Book{Little02,
author = {Little, R.J.A. and Rubin, D.B.},
title = {Statistical Analysis with Missing Data},
publisher = {Wiley},
year = {2002},
address = {Hoboken, New Jersey},
edition = {2nd},
note = {{ISBN} 0-471-18386-5}
}
@Book{Schafer97,
author = {Schafer, J.L.},
title = {Analysis of Incomplete Multivariate Data},
publisher = {Chapman \& Hall},
year = {1997},
address = {London},
note = {{ISBN} 0-412-04061-1}
}
@book{Rubin04,
  author = {Rubin, D.B.},
  title = {Multiple Imputation for Nonresponse in Surveys},
  publisher = {Wiley},
  year = {2004},
  address = {Hoboken, New Jersey},
  edition = {{Wiley Classics Library}},
  note = {{ISBN} 0-471-65574-0}
}
@article{VandenBranden09,
  author = {Vanden Branden, K. and Verboven, S.},
  title = {Robust data imputation},
  journal = {Computational Biology and Chemistry},
  year = {2009}, 
  volume = {9},
  number = {1},
  pages = {7--13}
}
@article{Chen09,
  author = {Chen, L. and Sun, J.},
  title = {A multiple imputation approach to the analysis of interval-censored failure time data with the additive hazards model},
  journal = {Computational Statistics \& Data Analysis},
  year = {2009},
  note = {, doi:10.1016/j.csda.2009.10.022}
}
@article{Hron09,
  author = {Hron, K. and Templ, M. and Filzmoser, P.},
  title = {Imputation of missing values for compositional data using classical and robust methods},
  journal = {Computational Statistics \& Data Analysis},
  year = {2009},
  note = {, doi:10.1016/j.csda.2009.11.023}
}
@article{Yucel10,
  author = {Yucel, R.M. and Demirtas, H.},
  title = {Impact of non-normal random effects on inference by multiple imputation: A simulation assessment},
  journal = {Computational Statistics \& Data Analysis},
  year = {2010},
  volume = {54},
  number = {3},
  pages = {790--801},
  note = {Second Special Issue on Statistical Algorithms and Software}
} 
@Article{Unwin96,
author = {Unwin, A. and Hawkins, G. and Hofmann, H. and Siegl, B.},
title = {Interactive Graphics for Data Sets with Missing Values: {MANET}},
journal = {Journal of Computational and Graphical Statistics},
year = {1996}, 
volume = {5},
number = {2},
pages = {113--122}
}
@INPROCEEDINGS{Theus97,
    author = {Theus, M. and Hofmann, H. and Siegl, B. and Unwin, A.},
    title = {{MANET} - Extensions to Interactive Statistical Graphics for Missing Values},
    booktitle = {New Techniques and Technologies for Statistics II},
    year = {1997},
    pages = {247--259},
    publisher = {IOS Press},
    note = {{ISBN} 90 5119 326 9}
}
@InProceedings{Eaton05,
author = {Eaton, C. and Plaisant, C. and Drizd, T.},
title = {Visualizing Missing Data: Graph Interpretation User Study},
booktitle = {Human-Computer Interaction - {INTERACT} 2005},
year = {2005},
editor = {Costabile, M.F. and Patern\`o, F},
pages = {861--872},
series = {Lecture Notes in Computer Sciences},
publisher = {Springer},
address = {Heidelberg},
note = {{ISBN} 978-3-540-28943-2}
}
@book{Young06,
    Author = {Young, F.W. and Valero-Mora, P.M. and Friendly, M.},
    Publisher = {Wiley},
    Title = {Visual Statistics. Seeing Data with Dynamic Interactive Graphics},
    Year = {2006},
    Address = {Hoboken, New Jersey},
    Note = {{ISBN} 978-0-471-68160-1}
}
@Book{Cook07,
author = {Cook, D. and Swayne, D.F.},
title = {Interactive and Dynamic Graphics for Data Analysis: With R and GGobi},
publisher = {Springer},
year = {2007},
address = {New York},
note = {{ISBN} 978-0-387-71761-6}
}
@article{Swayne03,
author = {Swayne, D.F. and Lang, D.T. and Buja, A. and Cook, D.},
title = {{GGobi}: evolving from {XGobi} into an extensible framework for interactive data visualization},
journal = {Computational Statistics \& Data Analysis},
year = {2003}, 
volume = {43},
number = {4},
pages = {423--444}
}
@Manual{RDev,
    title = {R: A language and environment for statistical computing},
    author = {{R Development Core Team}},
    organization = {R Foundation for Statistical Computing},
    address = {Vienna, Austria},
    year = {2009},
    note = {{ISBN} 3-900051-07-0},
    url = {http://www.R-project.org},
}
@article{Theus02,
   author = {Theus, M.},
   title = {Interactive Data Visualization using Mondrian},
   journal = {Journal of Statistical Software},
   volume = {7},
   number = {11},
   pages = {1--9},
   year = {2002},
   URL = {http://www.jstatsoft.org/v07/i11}
}
@INPROCEEDINGS{Unwin90,
    author = {Unwin, A. and Wills, G. and Haslett, J.},
    title = {{REGARD} - Graphical Analysis of Regional Data},
    booktitle = {Proceedings of the Section on Statistical Graphics},
    year = {1990},
    pages = {36--41},
    publisher = {American Statistical Association}
}
@InBook{Unwin94,
title = {Computational Statistics},
publisher = {Physica-Verlag, Heidelberg},
year = {1994},
editor = {Dirschedl, P. and Ostermann, R.},
author = {Unwin, A.},
chapter = {{REGARDing} Geographic Data.},
pages = {315--326}
}
@Manual{Young96,
title = {{ViSta}: The Visual Statistics System},
author = {Young, F.W.},
organization = {UNC L.L. Thurstone Psychometric Laboratory Research Memorandum 94-1(c)},
year = {1996}
}
@manual{Templ10,
    title = {\pkg{VIM}: Visualization and Imputation of Missing Values},
    author = {Templ, M. and Alfons, A. and Kowarik, A.},
    year = {2010},
    note = {\proglang{R} package version 1.4},
    url = {http://cran.r-project.org/package=VIM}
}
@Article{Rubin76,
author = {Rubin, D.B.},
title = {Inference and missing data},
journal = {Biometrika},
year = {1976},
volume = {63},
number = {3},
pages = {581--592}
}
@Article{Dempster77,
author = {Dempster, A.P. and Laird, N.M. and Rubin, D.B.},
title = {Maximum likelihood for incomplete data via the {EM} algorithm (with discussions)},
journal = {Journal of the Royal Statistical Society, Series B},
year = {1977},
volume = {39},
number = {1},
pages = {1--38}
}
@Article{Little88,
author = {Little, R.J.A.},
title = {A Test of Missing Completely at Random for Multivariate Data with Missing Values},
journal = {Journal of the American Statistical Association},
year = {1988},
volume = {83},
number = {404},
pages = {1198--1202}
}
@article{Raghunathan01,
  author = {Raghunathan, T. and Lepkowski, J.M. and Van~Hoewyk, J. and Solenberger, P.},
  title = {A Multivariate Technique for Multiply Imputing Missing Values Using a Sequence of Regression Models},
  journal = {Survey Methodology},
  year = {2001},
  volume = {27},
  number = {1},
  pages = {85--95}
}
@misc{STAT07,
author = {{Statistics Austria}},
title = {{EU-SILC 2004. Erl\"auterungen: Mikrodaten-Subsample f\"ur externe Nutzer}},
year = {2007},
address = {Vienna, Austria},
note = {In German.}
}
@misc{STAT06,
author = {{Statistics Austria}},
title = {{Einkommen, Armut und Lebensbedingungen 2004, Ergebnisse aus EU-SILC 2004}},
year = {2006},
address = {Vienna, Austria},
note = {In German. ISBN 3-902479-59-0}
}
@Book{Reimann08,
author = {Reimann, C. and Filzmoser, P. and Garrett, R.G. and Dutter, R.},
title = {Statistical Data Analysis Explained: Applied Environmental Statistics with R},
publisher = {Wiley},
address = {Hoboken, New Jersey},
year = {2008}
}
@article{Allison76,
  author = {Allison, T. and Cichetti, D.V.},
  title = {Sleep in mammals: ecological and constitutional correlates},
  journal = {Science},
  year = {1976},
  volume = {194},
  number = {4266},
  pages = {732--734}
}
@Unpublished{Hofmann05,
  author = {Hofmann, H. and Theus, M.},
  title = {Interactive graphics for visualizing conditional distributions},
  year = {2005},
  note = {Unpublished manuscript}
}
@Article{Wegman90,
author = {Wegman, E.J.},
title = {Hyperdimensional data analysis using parallel coordinates},
journal = {Journal of the American Statistical Association},
year = {1990}, 
volume = {85},
number= {411},
pages = {664--675}
}
@Manual{Acuna09,
    title = {dprep: Data preprocessing and visualization functions for classification},
    author = {Acuna, E. and members of the {CASTLE} group},
    year = {2009},
    note = {R package version 2.1},
    url = {http://math.uprm.edu/~edgar/dprep.html}
}
@article{Gustavsson97,
  author = {Gustavsson, N. and Lampio, E. and Tarvainen, T.},
  title = {Visualization of geochemical data on maps at the {Geological Survey of Finland}},
  journal = {Journal of Geochemical Exploration},
  year = {1997},
  volume = {59},
  number = {3},
  pages = {197--2007}
}
@article{Zeileis09,
  author = {Zeileis, A. and Hornik, K. and Murrell, P.},
  title = {Escaping {RGBland}: Selecting colors for statistical graphics},
  journal = {Computational Statistics \& Data Analysis},
  year = {2009},
  volume = {53},
  number = {9},
  pages = {1259--1270}
}
@article{Harrower03,
  author = {Harrower, M. and Brewer, C.A.},
  title = {{ColorBrewer.org}: An Online Tool for Selecting Colour Schemes for Maps},
  journal = {The Cartographic Journal},
  year = {2003},
  volume = {40},
  number = {1},
  pages = {27--37}
}
@ARTICLE{Box64,
  AUTHOR = {Box, G.E.P. and Cox, D.R.},
  TITLE = {An Analysis of Transformations},
  JOURNAL = {Journal of the Royal Statistical Society, Series B},
  YEAR = {1964},
  VOLUME = {26},
  pages = {211--252}
}
@Book{Aitchison86,
author = {Aitchison, J.},
title = {The Statistical Analysis of Compositional Data},
publisher = {Wiley, New York},
year = {1986}
}
@inproceedings{Hartigan81,
  author = {Hartigan, J.A. and Kleiner, B.},
  title = {Mosaics for contingency tables},
  editor = {Eddy, W.F.},
  booktitle = {Computer Science and Statistics: Proceedings of the 13th Symposium on the Interface},
  year = {1981},
  pages = {268--273},
  publisher = {Springer},
  address = {New York}
}
@article{Hartigan84,
  author = {Hartigan, J.A. and Kleiner, B.},
  title = {A mosaic of television ratings},
  journal = {The American Statistician},
  year = {1984}, 
  volume = {38},
  number = {1},
  pages = {32--35}
}
@article{Hofmann03,
  author = {Hofmann, H.},
  title = {Constructing and reading mosaicplots},
  journal = {Computational Statistics \& Data Analysis},
  year = {2003},
  volume = {43},
  number = {4},
  pages = {565--580}
}
@article{Meyer06,
  author = {Meyer, D. and Zeileis, A. and Hornik, K.},
  title = {The \code{strucplot} Framework: Visualizing Multi-way Contingency Tables with \pkg{vcd}},
  journal = {J Stat Softw},
  volume = {17},
  number = {3},
  pages = {1--48},
  year = {2006},
  URL = {http://www.jstatsoft.org/v17/i03}
}
@manual{Meyer09,
  title = {\pkg{vcd}: Visualizing Categorical Data},
  author = {Meyer, D. and Zeileis, A. and Hornik, K.},
  year = {2009},
  note = {\proglang{R} package version 1.2-7},
  url = {http://CRAN.R-project.org/package=vcd}
}
