@Manual{RDev,
  title = {R: A Language and Environment for Statistical Computing},
  author = {{R Development Core Team}},
  organization = {R Foundation for Statistical Computing},
  address = {Vienna, Austria},
  year = {2009},
  note = {{ISBN} 3-900051-07-0},
  url = {http://www.R-project.org}
}
@Manual{VIM,
    title = {VIM: Visualization and Imputation of Missing Values},
    author = {Templ, M. and Alfons, A. and Kowarik, A. and Prantner, B.},
    year = {2011},
    note = {R package version 3.0.0},
    url = {http://CRAN.R-project.org/package=VIM},
}
@Manual{e1071,
    title = {e1071: Misc Functions of the Department of Statistics (e1071), TU Wien},
    author = {Dimitriadou, E. and Hornik, K. and Leisch, F. and Meyer, D. and Weingessel, A.},
    year = {2011},
    note = {R package version 1.6},
    url = {http://CRAN.R-project.org/package=e1071},
}
@Manual{VIMVign,
	title = {An application of VIM, the R package for visualization of missing values, to EU-SILC data},
	author = {Templ, M. and Alfons, A.},
	month = {August},
	year = {2009},
	url = {http://cran.r-project.org/web/packages/VIM/vignettes/VIM-EU-SILC.pdf},
}
@article{Templ11,
  title = {Iterative stepwise regression imputation using standard and robust methods},
  author = {Templ, M. and Kowarik, A. and Filzmoser, P.},
  journal = {Comput Stat Data Anal},
  volume = {55},
  number = {10},
  pages = {2793--2806},
  year = {2011},
}
@article{Templ12,
  title = {Exploring incomplete data using visualization techniques},
  author = {Templ, M. and Alfons, A. and Filzmoser, P.},
  journal = {Advances in Data Analyis and Classification},
  year = {2012},
  note = {Accepted for publication},
  pdf = {http://www.econ.kuleuven.be/public/n11027/publications/ADAC2012.pdf}
}
@Book{Reimann08,
author = {Reimann, C. and Filzmoser, P. and Garrett, R.G. and Dutter, R.},
title = {Statistical Data Analysis Explained: Applied Environmental Statistics with R},
publisher = {Wiley},
address = {Hoboken, New Jersey},
year = {2008}
}
@article{Allison76,
	title = {Sleep in mammals: ecological and constitutional correlates},
	author = {Allison, T. and Cicchetti, D. V.},
	journal = {Science},
	volume = {194},
	number =  {4266},
	pages = {732--734},
	year = {1976},
}
@article{Swayne03,
  title = {GGobi: evolving from XGobi into an extensible framework for interactive data visualization},
  author = {Swayne, D. and Lang, D. and Buja, A. and Cook, D.},
  journal = {Comput Stat Data Anal},
  volume = {43},
  number = {4},
  pages = {423--444},
  year = {2003},
}